@book{FluidSimulationComputerGraphics,
	author={Robert Bridson},
	title={Fluid Simulation for Computer Graphics},
	publisher={A K Peters, Ltd.},
	year={2008},
	address={Wellesley, Massachusetts},
}

@misc{NvidiaRealTime3DFluid,
    author = "Keenan Crane, Ignacio Liamas, Sarah Tariq",
    title = "Real-Time Simulation and Rendering of 3D Fluids",
    howpublished = "Website",
    year = {2007},
    note = {\url{http://http.developer.nvidia.com/GPUGems3/gpugems3_ch30.html}. Access: Januari 23, 2014}
}

@misc{NvidiaFastGPUFluid,
    author = "Mark J. Harris",
    title = "Fast Fluid Dynamics Simulation on the GPU",
    howpublished = "Website",
    year = {2004},
    note = {\url{http://http.developer.nvidia.com/GPUGems/gpugems_ch38.html}. Access: Januari 23, 2014}
}

@misc{OurGitHub,
    author = "Mark J. Harris",
    title = "Elements GitHub page",
    howpublished = "Website",
    year = {2004},
    note = {\url{https://github.com/marcusnygren/Elements}. Access: Januari 27, 2014}
}

